<record><leader>00000cas a22000007a 4500</leader><controlfield tag="001">13994719</controlfield><controlfield tag="008">860731d18421842inuwr ne      0    0eng d</controlfield><datafield ind1=" " ind2=" " tag="010"><subfield code="a">sn 86058712 </subfield></datafield><datafield ind1=" " ind2=" " tag="040"><subfield code="a">NPI</subfield><subfield code="b">eng</subfield><subfield code="c">NPI</subfield><subfield code="d">OCLCQ</subfield></datafield><datafield ind1=" " ind2=" " tag="042"><subfield code="a">msc</subfield></datafield><datafield ind1="0" ind2=" " tag="130"><subfield code="a">Village herald (Muncietown, Ind.)</subfield></datafield><datafield ind1="1" ind2="0" tag="245"><subfield code="a">Village herald.</subfield></datafield><datafield ind1=" " ind2=" " tag="260"><subfield code="a">Muncietown, Ia. [i.e. Ind.] :</subfield><subfield code="b">Jos. G. Jones</subfield></datafield><datafield ind1=" " ind2=" " tag="300"><subfield code="a">v. :</subfield><subfield code="b">ill. (chiefly advertisements)</subfield></datafield><datafield ind1=" " ind2=" " tag="310"><subfield code="a">Weekly</subfield></datafield><datafield ind1="1" ind2=" " tag="362"><subfield code="a">Began in late Apr. 1842.</subfield></datafield><datafield ind1="1" ind2=" " tag="362"><subfield code="a">Ceased in Nov. 1842.</subfield><subfield code="z">Cf. Miller, John W. Indiana newspaper bibliog.</subfield></datafield><datafield ind1=" " ind2=" " tag="500"><subfield code="a">Until the mid-1840's Muncie was called Muncietown.</subfield></datafield><datafield ind1=" " ind2=" " tag="500"><subfield code="a">Whig Cf. Miller.</subfield></datafield><datafield ind1=" " ind2=" " tag="588"><subfield code="a">Description based on: Vol. 1, no. 6 (June 4, 1842).</subfield></datafield><datafield ind1=" " ind2=" " tag="752"><subfield code="a">United States</subfield><subfield code="b">Indiana</subfield><subfield code="c">Delaware</subfield><subfield code="d">Muncie.</subfield></datafield><datafield ind1="0" ind2="0" tag="780"><subfield code="t">Muncietown telegraph</subfield><subfield code="w">(DLC)sn 82016452</subfield></datafield><datafield ind1="1" ind2=" " tag="029"><subfield code="a">AU@</subfield><subfield code="b">000024853117</subfield></datafield></record>